<record><leader>00000cas a22000007a 4500</leader><controlfield tag="001">10903348</controlfield><controlfield tag="008">840630c19869999lauwr ne      0   a0eng d</controlfield><datafield ind1=" " ind2=" " tag="010"><subfield code="a">sn 89007183 </subfield></datafield><datafield ind1=" " ind2=" " tag="040"><subfield code="a">LNU</subfield><subfield code="b">eng</subfield><subfield code="c">LNU</subfield><subfield code="d">NSD</subfield><subfield code="d">LNP</subfield><subfield code="d">NSD</subfield><subfield code="d">DLC</subfield><subfield code="d">LNP</subfield><subfield code="d">OCL</subfield><subfield code="d">OCLCQ</subfield><subfield code="d">OCLCF</subfield><subfield code="d">OCLCO</subfield><subfield code="d">OCLCA</subfield></datafield><datafield ind1=" " ind2=" " tag="012"><subfield code="j">0</subfield><subfield code="l">1</subfield></datafield><datafield ind1="0" ind2=" " tag="022"><subfield code="a">1043-4445</subfield><subfield code="l">1043-4445</subfield><subfield code="2">1</subfield></datafield><datafield ind1=" " ind2=" " tag="037"><subfield code="b">Data Enterprises, Inc., P.O. Box 51933, New Orleans, LA 70151</subfield></datafield><datafield ind1=" " ind2=" " tag="042"><subfield code="a">nsdp</subfield><subfield code="a">msc</subfield></datafield><datafield ind1=" " ind2=" " tag="043"><subfield code="a">n-us-la</subfield></datafield><datafield ind1="1" ind2="0" tag="082"><subfield code="a">051</subfield><subfield code="2">11</subfield></datafield><datafield ind1="0" ind2=" " tag="130"><subfield code="a">New Orleans data news weekly (New Orleans, La. : 1986)</subfield></datafield><datafield ind1="0" ind2=" " tag="210"><subfield code="a">New Orleans data news wkly.</subfield><subfield code="b">(1986)</subfield></datafield><datafield ind1=" " ind2="0" tag="222"><subfield code="a">New Orleans data news weekly</subfield><subfield code="b">(1986)</subfield></datafield><datafield ind1="0" ind2="0" tag="245"><subfield code="a">New Orleans data news weekly.</subfield></datafield><datafield ind1="3" ind2="0" tag="246"><subfield code="a">Data news weekly</subfield></datafield><datafield ind1="1" ind2="7" tag="246"><subfield code="a">Data newsweekly</subfield></datafield><datafield ind1=" " ind2=" " tag="260"><subfield code="a">New Orleans, La. :</subfield><subfield code="b">Data Enterprises</subfield></datafield><datafield ind1=" " ind2=" " tag="300"><subfield code="a">v. :</subfield><subfield code="b">ill. ;</subfield><subfield code="c">36 cm.</subfield></datafield><datafield ind1=" " ind2=" " tag="310"><subfield code="a">Weekly</subfield></datafield><datafield ind1="0" ind2=" " tag="362"><subfield code="a">20th year, v. 31 (Oct. 25, 1986)-</subfield></datafield><datafield ind1=" " ind2="0" tag="650"><subfield code="a">African Americans</subfield><subfield code="z">Louisiana</subfield><subfield code="z">New Orleans</subfield><subfield code="v">Newspapers.</subfield></datafield><datafield ind1=" " ind2="7" tag="655"><subfield code="a">Newspapers.</subfield><subfield code="2">fast</subfield><subfield code="0">(OCoLC)fst01423814</subfield></datafield><datafield ind1=" " ind2="7" tag="650"><subfield code="a">African Americans.</subfield><subfield code="2">fast</subfield><subfield code="0">(OCoLC)fst00799558</subfield></datafield><datafield ind1=" " ind2="7" tag="651"><subfield code="a">Louisiana</subfield><subfield code="z">New Orleans.</subfield><subfield code="2">fast</subfield><subfield code="0">(OCoLC)fst01204311</subfield></datafield><datafield ind1=" " ind2=" " tag="752"><subfield code="a">United States</subfield><subfield code="b">Louisiana</subfield><subfield code="c">Orleans</subfield><subfield code="d">New Orleans.</subfield></datafield><datafield ind1="0" ind2="0" tag="780"><subfield code="t">Data newsweekly</subfield><subfield code="w">(DLC)sn 89059283</subfield></datafield></record>